%% This BibTeX bibliography file was created using BibDesk.
%% http://bibdesk.sourceforge.net/


%% Created for Neil Taylor at 2014-04-07 22:34:31 +0100 


%% Saved with string encoding Unicode (UTF-8) 


@string{aij = {Artificial Intelligence}}


@misc{google_geocoding_api,
	Annote = {API used to retrieve location data using individual place names},
	Author = {developers.google.com},
	Howpublished = {\url{https://developers.google.com/maps/documentation/geocoding/}},
	LastChecked = {17 April 2014},
	Title = {Google Geocoding API},
	Year = {2014}}
	
@misc{google_directions_api,
	Annote = {API used to retrieve routing data},
	Author = {developers.google.com},
	Howpublished = {\url{https://developers.google.com/maps/documentation/directions/}},
	LastChecked = {17 April 2014},
	Title = {Google Directions API},
	Year = {2014}}
	
@misc{carpooling_com,
	Annote = {},
	Author = {Carpooling.com},
	Howpublished = {\url{http://www.carpooling.co.uk/}},
	LastChecked = {17 April 2014},
	Title = {Carpooling.com - Online carpooling website},
	Year = {2001}}
	
@misc{blabla,
	Annote = {},
	Author = {BlaBlaCar.com},
	Howpublished = {\url{http://www.blablacar.com/}},
	LastChecked = {1 May 2014},
	Title = {Blablacar.com - Online carpooling website},
	Year = {2014}}
	
@misc{gov_public_transport_doc,
	Annote = {},
	Author = {Department of Transport, UK Govournment},
	Pages = {4},
	Howpublished = {\url{https://www.gov.uk/government/uploads/system/uploads/attachment_data/file/11833/Transport_Statistics_Great_Britain_2011___all_chapters.pdf}},
	LastChecked = {1 May 2014},
	Title = {Transport Statistics Great Britain 2011},
	Year = {2011}}
	
@misc{guardian_fuel_prices,
	Annote = {},
	Author = {Andrea Vial},
	Howpublished = {\url{http://www.theguardian.com/news/datablog/2012/nov/12/uk-fuel-price-over-time}},
	LastChecked = {1 May 2014},
	Title = {UK fuel price: how has it changed over time?},
	Year = {2012}}

@misc{trainline_aber_cardiff_price,
	Annote = {A query to thetrainline.com made by myself about the prices of train fair between Aberystwyth and Cardiff on the 1st of May 2014 at 13:30. The price that was shown was \pounds 54.80.},
	Author = {{The Train Line}},
	Howpublished = {\url{http://www.thetrainline.com/buytickets/combinedmatrix.aspx?Command=TimeTable#Journey/AYW/CDF/01/05/14/13/0/Dep//////Dep/1/0//0;0;0}},
	Lastchecked = {1 May 2014},
	Title = {{TheTrainLine.com Train Times Booking. Aberystwyth - Cardiff}},
	Year = 2014}


